<?xml version="1.0" encoding="UTF-8"?><collection xmlns="http://www.loc.gov/MARC21/slim"><record><leader>00420nam--2200133-i-4500</leader><controlfield tag="001">000048483</controlfield><controlfield tag="002">20161230</controlfield><controlfield tag="005">20161230201047</controlfield><controlfield tag="008">060222s1000------------r-----000-0-eng-d</controlfield><datafield ind1=" " ind2=" " tag="080"><subfield code="a">548.5(043)</subfield></datafield><datafield ind1=" " ind2=" " tag="100"><subfield code="a">Rabago-bernal, Felipe De Jesus</subfield></datafield><datafield ind1=" " ind2=" " tag="245"><subfield code="a">Cristallogenese, caracterisation physique et dopage par implantation du seleniure de zinc. these</subfield></datafield><datafield ind1=" " ind2=" " tag="260"><subfield code="a">Paris, Univ.Pierre Et Marie-curie, 1979, 170p</subfield></datafield><datafield ind1=" " ind2=" " tag="852"><subfield code="a">49766</subfield></datafield></record></collection>